@article{DESROCHERS199127,
title = {Improvements and extensions to the Miller-Tucker-Zemlin subtour elimination constraints},
journal = {Operations Research Letters},
volume = {10},
number = {1},
pages = {27-36},
year = {1991},
issn = {0167-6377},
doi = {https://doi.org/10.1016/0167-6377(91)90083-2},
url = {https://www.sciencedirect.com/science/article/pii/0167637791900832},
author = {Martin Desrochers and Gilbert Laporte},
keywords = {traveling salesman problem, vehicle routing problem, subtour elimination constraints, lifting, facets},
abstract = {This paper shows how the subtour elimination constraints developed by Miller, Tucker and Zemlin for the traveling salesman problem can be improved and extended to various types of vehicle routing problems.}
}